@inproceedings{lazebnik2006beyond,
	title={Beyond bags of features: Spatial pyramid matching for recognizing natural scene categories},
	author={Lazebnik, Svetlana and Schmid, Cordelia and Ponce, Jean},
	booktitle={2006 IEEE Computer Society Conference on Computer Vision and Pattern Recognition (CVPR'06)},
	volume={2},
	pages={2169--2178},
	year={2006},
	organization={IEEE}
}